@Book{andrew99,
  author =    {Andrew Hunt and David Thomas},
  ALTeditor =    {},
  title =        {The Pragmatic Programmer, from journeyman to master},
  publisher =    {Addison Wesley},
  year =         {1999},
  OPTkey =       {},
  OPTvolume =    {},
  OPTnumber =    {},
  OPTseries =    {},
  OPTaddress =   {},
  OPTedition =   {},
  OPTmonth =     {},
  note =      {ISBN 0-201-61622-X},
  OPTannote =    {}
}

@Book{kernighan99,
  author =    {Brian W. Kernighan and Rob Pike},
  ALTeditor =    {},
  title =        {The Practice of Programming},
  publisher =    {Addison Wesley},
  year =         {1999},
  OPTkey =       {},
  OPTvolume =    {},
  OPTnumber =    {},
  OPTseries =    {},
  OPTaddress =   {},
  OPTedition =   {},
  OPTmonth =     {},
  note =      {ISBN 0-201-61586-X},
  OPTannote =    {}
}

@article{parnas1972,
 author = {David Lorge Parnas},
 title = {On the Criteria to Be Used in Decomposing Systems into Modules},
 journal = {Commun. ACM},
 issue_date = {Dec. 1972},
 volume = {15},
 number = {12},
 month = dec,
 year = {1972},
 issn = {0001-0782},
 pages = {1053--1058},
 numpages = {6},
 url = {http://doi.acm.org/10.1145/361598.361623},
 doi = {10.1145/361598.361623},
 acmid = {361623},
 publisher = {ACM},
 address = {New York, NY, USA},
 keywords = {KWIC index, modularity, modules, software, software design, software engineering},
}

@ARTICLE{holzmann2006,
author={G. J. Holzmann},
journal={Computer},
title={The power of 10: rules for developing safety-critical code},
year={2006},
volume={39},
number={6},
pages={95-99},
keywords={program verification;safety-critical software;safety-critical code development rules;safety-critical software component analysis;software reliability;software verifiability;Data encapsulation;Guidelines;Job shop scheduling;Laboratories;NASA;Performance evaluation;Software safety;Statistical analysis;Testing;Upper bound;coding rules;software development;software technologies},
doi={10.1109/MC.2006.212},
ISSN={0018-9162},
month={June},}

@Book{meyer1997,
  author =    {Bertrand Meyer},
  ALTeditor =    {},
  title =        {Object-Oriented Software Construction, Second Edition},
  publisher =    {Prentice Hall Professional Technical Reference},
  year =         {1997},
  OPTkey =       {},
  OPTvolume =    {},
  OPTnumber =    {},
  OPTseries =    {},
  OPTaddress =   {},
  OPTedition =   {},
  OPTmonth =     {},
  note =      {ISBN 0-13-629155-4},
  OPTannote =    {}
}

